<?xml version="1.0" encoding="UTF-8"?><collection xmlns="http://www.loc.gov/MARC21/slim"><record><leader>00358nam--2200121-i-4500</leader><controlfield tag="001">000028268</controlfield><controlfield tag="002">20161230</controlfield><controlfield tag="005">20161230201037</controlfield><controlfield tag="008">060222s1000------------r-----000-0-eng-d</controlfield><datafield ind1=" " ind2=" " tag="100"><subfield code="a">Kubo, Ryogo /S.A.</subfield></datafield><datafield ind1=" " ind2=" " tag="245"><subfield code="a">Statistical mechanics.an advanced course with problems and solutions</subfield></datafield><datafield ind1=" " ind2=" " tag="260"><subfield code="a">Amsterdam, North-holland Publ.Co., 1965. Xii + 425p</subfield></datafield><datafield ind1=" " ind2=" " tag="852"><subfield code="a">21155</subfield></datafield></record></collection>